7775 10013
2181 584 2727 139 V. Resolutions adopted on the reports of the Second Committee

6361 567 189 117 149

500 806 2950 145 into account the relevance of the negotiations to the

512 934 2921 139 United Nations Conference on Environment and De¬

506 1062 2933 139 velopment, to keep the Preparatory Committee for the

506 1179 2933 156 Conference and the Secretary-General of the Confer¬

512 1301 2927 156 ence, as well as the Secretary-General of the United

512 1451 2921 134 Nations, regularly informed in a timely manner,

512 1568 2927 145 through regular progress reports, of the progress of the

506 1702 729 139 negotiations;

623 1913 2822 145 17. Also requests the Intergovernmental Negotiat¬

512 2041 2933 145 ing Committee to take into account, as appropriate, any

512 2175 2927 127 relevant developments in the preparations for the

517 2297 2922 139 United Nations Conference on Environment and De¬

523 2430 2927 134 velopment that the Preparatory Committee may bring

512 2553 868 133 to its attention;

634 2764 2805 150 18. Requests the Chairman of the Intergovernmen¬

517 2892 2922 145 tal Negotiating Committee, on behalf of the Commit¬

517 3026 2922 139 tee, to submit a report to the United Nations Confer¬

517 3154 2928 139 ence on Environment and Development in 1992 on the

517 3282 2922 144 outcome of the negotiations, as well as on possible fu¬

517 3404 2182 150 ture steps in the field of climate change;

640 3621 2816 161 19. Invites relevant non-governmental organiza¬

517 3754 2928 145 tions to make contributions to the negotiating process,

523 3877 2916 150 as appropriate, on the understanding that these organi¬

523 4005 2927 144 zations shall not have any negotiating role during the

523 4133 2927 161 process and taking into account decision 1/1 concerning

523 4255 2927 145 the participation of non-governmental organizations

528 4372 2928 156 adopted by the Preparatory Committee for the United

528 4516 2922 140 Nations Conference on Environment and Development

523 4617 1046 166 at its first session; 81

634 4867 2827 133 20. Decides that the negotiating process shall be

528 4989 2928 145 funded through existing United Nations budgetary re¬

534 5112 2927 144 sources, without negatively affecting its programmed

528 5240 2933 144 activities, and through voluntary contributions to a trust

534 5373 2927 139 fund established specifically for that purpose for the du¬

534 5490 2933 150 ration of the negotiations and administered by the head

534 5640 2927 128 of the ad hoc secretariat under the authority of the Sec¬

528 5751 2065 145 retary-General of the United Nations;

640 5952 2827 161 21. Invites the World Meteorological Organization

534 6085 2933 156 and the United Nations Environment Programme and

539 6213 2922 156 other relevant bodies of the United Nations system, in¬

528 6358 2933 139 cluding those in the field of development, to make ap¬

528 6486 2933 161 propriate contributions to the negotiating process, in¬

539 6625 1063 133 cuding its funding;

640 6786 2821 156 22. Invites Governments, regional economic inte¬

534 6925 2927 156 gration organizations and other interested organiza¬

539 7059 2566 133 tions to contribute generously to the trust fund;

645 7259 2827 156 23. Requesty the head of the ad hoc secretariat to

539 7409 2928 161 prepare draft rules of procedure for consideration by

539 7537 2922 139 the Intergovernmental Negotiating Committee at its

539 7659 702 140 first session;

645 7876 2833 173 24. Requests the Secretary-General of the United

545 8021 2922 128 Nations to submit to the General Assembly at its forty-

539 8138 2928 139 sixth session a report on the progress of the negotia¬

545 8277 339 133 tions;

651 8477 2838 145 25. Decides to include in thc provisional agenda of

545 8594 2927 172 its forty-sixth session the item entitled "Protection of

545 8722 2927 184 global climate for present and future generations of

550 8883 579 139 mankind".

2287 9089 1074 156 71st plenary meeting.

2365 9217 996 161 21 December 1990

3606 795 2944 133 45/213. International co-operation for the eradication

4101 923 2060 133 of poverty in the developing countries

3728 1140 1214 145 The General Assembly,

3623 1457 2927 156 and 44/212 of 22 December 1989, Economic and Social

3728 1329 2822 156 Recalling its resolutions 43/195 of 20 December 1988

3617 1596 2933 134 Council resolution 1988/47 of 27 May 1988 and Com¬

3617 1707 2928 156 mission on Human Rights resolution 1989/10 of 2

3623 1830 2254 167 March 1989 concerning extreme poverty, 85

3728 2041 2822 150 Recalling also the Declaration on International Eco¬

3623 2152 2933 156 nomic Co-operation, in particular the Revitalization of

3623 2297 2927 145 Economic Growth and Development of the Developing

3623 2430 2927 134 Countries, contained in the annex to its resolution

3623 2531 2927 155 S-18/3 of 1 May 1990, and the International Develop¬

3623 2675 2922 145 ment Strategy for the Fourth United Nations Develop¬

3623 2803 2933 134 ment Decade, contained in the annex to its resolution

3623 2914 2927 156 45/199 of 21 December 1990, as well as the Paris Dec¬

3617 3053 2933 151 laration adopted bythe Second United Nations Confer¬

3623 3193 2927 139 ence on the Least Developed Countries on 14 Septem¬

3623 3316 604 149 ber 1990, 15

3728 3515 2833 134 Recognizing that a broad consensus is emerging on

3623 3643 2933 134 strategies to be pursued towards the achievement of the

3634 3782 1848 134 goal of the eradication of poverty,

3740 3966 2827 139 Recognizing also the severity of poverty problems in

3628 4099 1169 134 developing countries,

3734 4277 2827 156 Agrees that the eradication of poverty in the develop¬

3634 4405 2933 156 ing countries is an objective of the highest priority, and

3634 4550 2933 133 consequently urges the relevant organs, organizations

3634 4672 2933 139 and bodies of the United Nations system to formulate

3634 4783 2938 151 and implement forthwith, within their programmes and

3634 4928 2933 139 activities at all levels, necessary measures and actions

3639 5067 1987 128 to eradicate this distressing problem.

5376 5279 1085 133 71st plenary meeting

5448 5384 1002 150 21 December 1990

3634 5779 2944 134 45/214. International debt crisis and development:

4124 5913 2448 139 enhanced international co-operation towards

4129 6018 2443 151 a durable solution to the external debt prob¬

4129 6163 1570 134 lems of developing countries

3762 6386 1219 139 The General Assembly,

3745 6608 2827 145 Recalling its resolutions 41/202 of 8 December 1986,

3645 6730 2927 134 42/198 of 11 December 1987, 43/198 of 20 December

3656 6853 2076 156 1988 and 44/205 of 22 December 1989,

3751 7059 2827 155 Recalling also the Declaration on International Eco¬

3639 7181 2944 156 nomic Co-operation, in particular the Revitalization of

3656 7337 2922 144 Economic Growth and Development of the Developing

3656 7465 2922 122 Countries, contained in the annex to its resolution

3650 7559 2922 156 S-18/3 of 1 May 1990, and the International Develop¬

3645 7704 2927 145 ment Strategy for the Fourth United Nations Develop¬

3650 7843 2933 134 ment Decade, contained in the annex to its resolution

3650 7938 2933 155 45/199 of 21 December 1990, and taking note of the

3650 8060 2933 167 Programme of Action for the Least Developed Coun¬

3662 8221 2927 128 tries for the 1990s, adopted by the Second United Na¬

3656 8355 2933 128 tions Conference on the Least Developed Countries on

3656 8449 1124 156 14 September 1990, 15

3762 8661 2827 161 Recalling further Trade and Development Board res¬

3645 8783 2944 161 olutions 165 (S-IX) of 11 March 1978, 46 222 (XXI) of

3756 9100 2816 189 85 Oficial Records of the Economic and social Council, 1989,

3662 9250 2087 134 Supplement No. 2 (E/1989/20), chap. Il, sect. A.
