7775 10013
6383 534 189 122 147

528 767 2950 145 United Nations or members of the specialized agencies.

539 906 2922 134 and observers, in accordance with the established prac¬

528 1029 1625 139 tice of the General Assembly.

634 1195 2833 134 8. Ewpresses its appreciation to the Governments.

534 1323 2922 134 that have contributed to the Voluntary Fund for the.

534 1424 2922 166 United Nations Conference on Environment and De¬

539 1590 2917 128 velopment, and invites Governments to contribute ur¬

528 1707 2928 145 gently and generously to the Fund in order that the op¬

534 1841 2922 144 eration of the Fund may enable developing countries.

539 1963 2922 139 in particular the least developed among them, t0 par¬

539 2091 2922 145 ticipate fully and effectively in the Conference and in

528 2225 2928 139 its preparatory process, in accordance with section II,

528 2325 1904 167 paragraph 15, ot resolution 44/228.

645 2486 2827 161 9. Calls upon the United Nations Environment Pro¬

534 2620 2938 166 gramme and other organs, organizations and bodies of¬

539 2770 2922 133 the United Nations system to continue to give full sup¬

534 2887 2938 161 port to the preparatory process for the Conference and.

545 3026 2922 122 assist the Secretary-General of the United Nations

539 3148 2928 134 Conference on Environment and Development in the.

539 3270 2928 139 implementation of the work programme, in conformity

545 3404 1247 133 with resolution 44/228;

667 3560 2817 150 10. Requests the organs, organizations and bodies of

545 3704 2927 128 the United Nations system to extend full co-operation

545 3838 2922 122 to developing countries in order to ensure that appro¬

545 3960 2927 145 priate preparations for the forthcoming sessions of the

545 4071 2922 145 2 Preparatory Committée are made, in particular in ail

545 4199 2927 139 aspects relating to linkages between environment and

539 4327 2928 134 development, including the identification of concrete

545 4455 2927 128 measures and action to ensure that these issues are,

539 4578 2243 144 treated in a balanced and integrated way.

656 4739 2816 150 11. Endorses Preparatory Committee decision 177.

539 4884 2939 133 of 29 August 1990 concerning the dates of the second

539 4989 2722 156 and third sessions of the Preparatory Committee-si

662 5184 2822 128 12. Requesty the Secretary-General of the United.

550 5306 2928 145 1 Nations Conference on Environment and Development

550 5445 2928 123 to ensure the timely submission to the Preparatory

550 5573 2928 128 Committee at its second and third sessions of the re¬

539 5690 1859 145 ports requested at its first session;.

656 5846 2828 156 13. Takes note of the provisions of Preparatory.

545 5996 2927 134 Committee decision 1/1 of 14 August 1990 8i and autho¬

545 6130 2939 128 (rizes the Preparatory Committee, without prejudice to.

550 6263 2934 117 te provisions of resolution 44/228, to continue to

545 6386 2933 128 (apply, for the purpose of the preparatory process, the.

550 6514 2928 139 provisional arrangements agreed upon in that decision

545 6636 2933 133 concerning the participation of non-governmental or¬

550 6764 2093 144 ganizations in the preparatory process.

673 6936 2816 128 14. Reiterates that the Preparatory Committée shall

545 7059 2939 133 review and assess ongoing negotiating processes in the.

545 7181 2939 134 field of the environment, and invites the forums in¬

550 7309 2928 133 volved in such processes to report regularly on their ac¬

550 7448 2934 150 tivities to the Preparatory Committee at its forthcoming

545 7570 2927 134 sessions, in accordance with the guidelines and require.

545 7693 2666 139 ments established by the Preparatory Committée.

2287 7926 1085 128 TIst plenary meeting

2370 8049 997 133 21 December 1990

545 8416 2939 139 45/212. Protection of global climate for present and

1029 8538 1681 145 (future generations of mankind.

662 8761 1224 139 The General Assembly.

662 8950 2827 128 1 Recalling its resolutions 43/53 of 6 December 1988

556 9061 2933 150 and 44/207 of 22 December 1989, in which it recognized

556 9195 2928 156 that climate change is a common concern of mankind,

2198 550 2738 134 V. Resolutions adopted on the reports of the Second Committee.

3628 756 2944 150 and urging Governments and, as appropriate, intergov¬

3634 878 2944 145 ernmental and non-governmental organizations and

3634 1017 2933 140 scientific institutions, to collaborate in a concerted ef¬

3634 1145 2933 145 fort with the aim of preparing, as a matter of urgency,

3639 1273 2933 134 a framework convention on climate change, and other

3634 1396 2933 139 related instruments, containing appropriate commit¬

3639 1524 2928 139 ments for action to combat climate change and its ad¬

3645 1663 2922 139 verse effects, taking into account the most up-to-date,

3639 1785 2933 134 sound scientific knowledge and any existing uncertain¬

3639 1913 2939 139 ties, as well as the particular needs and development

3634 2041 1836 139 priorities of developing countries,

3751 2191 2821 156 Recalling also its resolution 44/206 of 22 December

3650 2319 2928 156 1989 on the possible adverse effects of sea-level rise on

3645 2442 2927 166 islands and coastal areas, particularly low-lying coastal

3645 2597 345 134 areas,

3756 2764 2827 139 Recalling further its resolution 44/228 o 22 December

3650 2870 2928 156 1989 on the United Nations Conference on Environ¬

3645 3020 1330 139 ment and Development,

3650 3326 2928 128 of the Governing Council of the United Nations Envi¬

3762 3193 2821 139 Taking note of the relevant resolutions and decisions

3645 3426 2938 156 ronment Programme and of the Executive Council of

3656 3576 2182 134 the World Meteorological Organization,

3767 3749 2816 133 Taking note also of the recommendations and deci¬

3650 3888 2928 122 sions of the Preparatory Committee for the United Na¬

3650 4010 2928 134 tions Conference on Environment and Development,

3650 4122 2928 150 adopted at its organizational session79 and at its first

3650 4238 501 145 session, 80

3762 4439 2821 128 Noting the important work accomplished by the In¬

3656 4561 2927 133 tergovernmental Panel on Climate Change, which has

3650 4689 2015 133 completed its first assessment report,

3762 4867 2821 128 Noting also the relevant conclusions and recommen¬

3650 4989 2928 134 dations on climate change adopted at various intergov¬

3650 5117 1776 145 ernmental meetings during 1990,

3762 5295 2827 128 Noting further the fact that the largest part of the cur¬

3656 5418 2927 128 rent emission of pollutants into the environment origi¬

3650 5546 2939 133 nates in developed countries, and recognizing therefore

3656 5679 2933 128 that those countries have the main responsibility for

3645 5801 1414 140 combating such pollution,

3773 5985 2816 122 Welcoming the fact that several countries and a re¬

3656 6107 2933 139 gional economic integration organization have already

3656 6235 2927 128 taken measures or made specific commitments to ad¬

3656 6352 2933 128 dress the problem of climate change and its effects

3662 6491 2927 128 through the stabilization and/or reduction of environ¬

3662 6603 2933 144 mentally harmful emissions of greenhouse gases, and

3650 6736 2611 139 that other countries are contemplating doing so,

3767 6920 2822 128 Noting that, pursuant to paragraph 10 of General As¬

3662 7036 2927 139 sembly resolution 44/207, resolution 4 (EC-XLII) of 22

3662 7170 2927 128 June 1990 of the Executive Council of the World Me¬

3650 7292 2939 139 teorological Organization and decision SS.11/3 of 3 Au¬

3656 7420 2939 134 gust 1990, adopted by the Governing Council of the

3662 7548 2933 139 United Nations Environment Programme at its second

3656 7676 2933 134 special session, 82 an Ad Hoc Working Group of Govern¬

3656 7815 2939 128 ment Representatives to prepare for negotiations on a

3662 7938 2927 128 framework convention on climate change met at Ge¬

3656 8066 2933 133 neva from 24 to 26 September 1990 and adopted a num¬

3650 8160 1425 156 ber of recommendations, 83

3762 8355 2833 161 Recognizing the continuing need for scientific re¬

3650 8483 2945 133 search into the sources and effects of climate change

3662 8622 2933 128 and its possible adverse impact, including the socio-eco¬

3656 8739 2944 133 nomic consequences, and the effectiveness of possible

3662 8878 2933 128 response strategies, and recognizing also the import¬

3756 9039 1976 200 82 Ibid, Supplement No. 25 (A/45/25), annex.

3767 9195 919 150 83 A/45/696, annex l.
