7775 10025
835 551 212 111 148

3018 529 1682 128 General Assembly–Forty-fifth Session

824 735 2952 150 ance of the active participation of developing countries

829 868 2935 145 and the need to assist and co-operate with them in cli¬

829 1002 1833 139 mate-related research and action,

946 1214 2830 156 1. Decides to establish a single intergovernmental

829 1342 2935 178 negotiating process under the auspices of the General

835 1459 2924 167 Assembly, supported by the United Nations Environ¬

835 1609 2924 145 ment Programme and the World Meteorological Orga¬

835 1720 2924 156 nization, for the preparation by an Intergovernmental

835 1865 2929 140 Negotiating Committee of an effective framework con¬

840 1988 2930 156 vention on climate change, containing appropriate

835 2116 2935 139 commitments, and any related instruments as might be

840 2238 2930 140 agreed upon, taking into account proposals that may be

840 2361 2924 145 submitted by States participating in the negotiating pro¬

835 2495 2935 133 cess, the work of the Intergovernmental Panel on Cli¬

835 2612 2941 144 mate Change and the results achieved at international

840 2729 2936 155 meetings on the subject, including the Second World

846 2884 1153 129 Climate Conference;

952 3091 2829 155 2. Decides that the Intergovernmental Negotiating

846 3235 2935 134 Committee should be open to all States Members of the

852 3358 2924 145 United Nations or members of the specialized agencies,

846 3486 2930 139 with the participation of observers in accordance with

857 3620 2674 128 the established practice of the General Assembly;

969 3826 2818 150 3. Welcomes the organization of a broad-based pre¬

846 3965 2941 150 paratory process at the national level involving, as ap¬

846 4076 2941 162 propriate, the scientific community, industry, trade

852 4216 2935 139 unions, non-governmental organizations and other in¬

852 4355 902 128 terested groups;

969 4572 2823 128 4. Decides that the first negotiating session should

846 4689 2941 145 be held in Washington, D.C., in February 1991 and that,

852 4834 2935 128 subject to review of the timetable at the end of each

852 4951 2929 150 negotiating session and taking into account the sched¬

863 5096 2918 122 ule of other intergovernmental mectings on environ¬

852 5218 2929 123 ment and development matters, in particular the ses¬

857 5329 2935 140 sions of the Preparatory Committée for the United

857 5463 2919 128 Nations Conference on Environment and Develop¬

852 5575 2940 150 ment, further meetings should be held at Geneva and

857 5714 2930 145 at Nairobi, in May/June, September and November/De¬

857 5836 2935 145 cember 1991 and, as appropriate, between January and

857 5964 607 140 June 1992;

974 6193 2835 133 5. Authorizes the Secretary-General of the United

857 6321 2946 139 Nations, with the assistance of the Executive Director

857 6449 2946 134 of the United Nations Environment Programme and

857 6577 2941 145 the Secretary-General of the World Metcorological Or¬

863 6716 2935 145 ganization, pending the establishment of an ad hoc sec¬

857 6839 2930 133 retariat for the Intergovernmental Negotiating Com¬

863 6972 2935 134 mittee, to convene, exceptionally, the first session of the

868 7089 2930 140 Intergovernmental Negotiating Committée, to be held

863 7212 2940 139 in Washington, D.C., in February 1991, the subsequent

863 7323 2935 162 sessions of the Committee shall be convened by the ad

857 7474 875 133 hoc secretariat;

974 7685 2835 151 6. Decides that the maximum duration of each of

868 7841 2462 128 the negotiating sessions should be two weeks;

980 8042 2829 167 7. Considers that the negotiations for the prepara¬

874 8192 2924 128 tion of an effective framework convention on climate

863 8315 2935 139 change, containing appropriate commitments, and any

868 8454 2924 134 related legal instruments as might be agreed upon,

868 8543 2924 162 should be completed prior to the United Nations Con¬

868 8693 2930 134 ference on Environment and Development in June

874 8822 2924 133 1992 and opened for signature during the Conference;

996 9061 2807 123 8. Reaffirms the principles embodied in its resolu¬

868 9156 2941 156 tions 44/207 and 44/228, which take into account the

3932 712 2946 151 concerns of all States and the specific necds of devel¬

3943 863 896 128 oping countries;

3943 1169 2935 156 adopted at the Second World Climate Conference, held

4060 1041 2823 156 9. Takes accoun of the Ministerial Declaration

3943 1280 2718 179 at Geneva from 29 October to 7 November 1990; 84

4071 1514 2807 140 10. Decides to establish a special voluntary fund, ad¬

3948 1648 2930 139 ministered by the head of the ad hoc secretariat under

3948 1759 2935 151 the authority of the Secretary-General of the United

3954 1899 2924 139 Nations, to ensure that developing countries, in partic¬

3954 2010 2924 156 ular the least developed among them, as well as small

3954 2144 2929 150 island developing countries, are able to participate fully

3954 2277 2929 134 and effectively in the negotiating process, and invites

3954 2400 2924 145 Governments, regional economic integration organiza¬

3954 2534 2935 133 tions and other interested organizations to contribute

3954 2667 1275 151 generously to the fund;

3954 2990 2941 140 tergovernmental Negotiating Committeee, to be held in

4065 2857 2824 144 11. Recommends that, at the first session of the In¬

3965 3124 2930 134 Washington, D.C., a Bureau consisting of a Chairman,

3954 3235 2935 167 three Vice-Chairmen and a Rapporteur shall be

3959 3375 2924 139 clected, each of the five regional groups being repre¬

3965 3508 1270 128 sented by one member;

4076 3670 2830 172 12. Requests the Secretary-General of the United

3965 3809 2930 162 Nations, in consultation with the Executive Director of

3959 3943 2941 150 the United Nations Environment Programme and the

3965 4082 2930 134 Secretary-General of the World Meteorological Orga¬

3965 4199 2935 145 nization, as well as with the executive heads of United

3965 4338 2930 128 Nations bodies with expertise in the field of develop¬

3959 4449 2941 145 ment, to establish as soon as possible at Geneva an ad

3954 4583 2941 139 hoc secretariat of appropriate size and quality, consist¬

3965 4717 2930 139 ing mainly of Professional staff of the United Nations

3965 4823 2930 167 Environment Programme and the World Meteorologi¬

3965 4984 2930 128 cal Organization, taking into account the need to en¬

3971 5112 2929 128 sure that the work programmes of those two organiza¬

3965 5229 2935 139 tions are not negatively affected, to be co-ordinated by

3976 5368 2919 123 those two organizations in consultation and co-opera¬

3971 5497 2929 122 tion with the head of the ad hoc secretariat and supple¬

3965 5586 2935 161 mented by staff from other bodies of the United Na¬

3965 5742 2935 139 tions system, as appropriate, in order to ensure that the

3965 5870 2930 133 ad hoc secretariat embodies the requisite technical ex¬

3965 5998 446 139 pertise;

4099 6176 2812 173 13. Decides that the Secretary-General of the

3976 6332 2930 128 United Nations shall appoint as head of the ad hoc sec¬

3971 6454 2935 140 retariat a senior official of an appropriate level, who

3971 6583 2935 139 shall act under the guidance of the Intergovernmental

3976 6716 1326 134 Negotiating Committée;

4099 6900 2812 156 14. Requests the head of the ad hoc secretariat to

3971 7050 2940 134 co-operate closely with the Intergovernmental Panel on

3976 7173 2935 134 Climate Change to ensure that the Panel can respond

3971 7284 2929 145 to the needs and requests for objective scientific and

3982 7440 2890 128 technical advice made during the negotiating process;

4099 7613 2812 161 15. Also requests the head of the ad hoc secretariat

3976 7763 2930 134 to make available, at the first session of the Intergov¬

3976 7886 2935 134 ernmental Negotiating Committee, the first assessment

3976 8014 2935 134 report of the Intergovernmental Panel on Climate

3982 8148 2935 128 Change, including its paper on legal measures, as well

3982 8270 2935 128 as the background documentation prepared for the

3982 8404 2940 128 Panel, as inputs for the negotiations, together with the

3982 8526 2935 140 Ministerial Declaration of the Second World Climate

3982 8660 2389 134 Conference 84 and other relevant documents;

4104 8833 2818 122 16. Requests the Intergovernmental Negotiating

3976 8950 2935 144 Committee, through the ad hoc secretariat and taking

4088 9122 1297 201 84 A/45/696/Add. I annex III.
