4319 5576
418 226 121 65 272

1651 229 1010 68 General Assembly-Forty-fourth Session

474 356 1635 68 1. Urges all Member States to make every possible ef¬

415 421 1694 71 fort to ensure payment of their assessed contributions to

415 492 1688 81 peace-keeping operations in full and on time, in accor¬

415 560 1688 71 dance with their obligations under the Charter of the

415 625 495 78 United Nations;

464 709 1642 84 2. Takes note of the observations and proposals made

418 786 1685 75 by the Secretary-General on economies of scale, 51 start-up

421 848 1685 90 problems 52 and the establishment of a reserve stock of

418 926 1685 74 equipment and supply items, 53 and endorses the relevant

421 1000 1682 68 recommendations of the Advisory Committee on Ad¬

415 1065 1162 78 ministrative and Budgetary Ouestions;

480 1146 1636 80 3. Also takes note of the observations and proposals of

424 1226 1679 71 the Secretary-General on the criteria and procedures by

427 1297 1676 72 which Governments may offer the services of civilian per¬

421 1366 1688 71 sonnel for peace-keeping operations, 54 concurs with the

427 1437 1679 71 recommendations of the Advisory Committee, in particu¬

424 1502 1689 74 lar that standard administrative procedures to govern the

421 1567 1685 81 provision of such personnel should be established, consis¬

424 1641 1689 68 tent with existing rules and practices and taking into

421 1706 1685 75 consideration the practical and legal concerns and the ex¬

424 1781 1685 74 perience gained in the newly established peace-keeping

424 1849 1685 71 operations, and requests the Secretary-General to submit

427 1917 1679 74 those standard administrative procedures to the Advisory

421 1982 1211 78 Committee at its spring session in 1990;

467 2069 1642 83 4. Invites States willing to participate in peace-keeping

424 2143 1689 75 operations to submit to the Secretary-General, with his as¬

421 2205 1685 74 sistance, detailed inventories of specialized civilian in¬

418 2276 1688 75 dividuals or units, including numbers of personnel and

424 2354 1679 68 equipment, that they would be prepared to provide for

424 2422 1676 65 those tasks and services identified by the Secretary-

421 2490 1682 74 General in his report 54 and in the manner outlined therein,

418 2555 1685 78 consistent with General Assembly resolution 44/49, para¬

415 2620 492 84 graphs 2 and 3;

483 2704 1626 84 5. Takes note of the observations and proposals of the

421 2778 1685 78 Secretary-General on the technical guidelines relating to

421 2849 1682 78 the treatment and valuation of voluntary contributions in

424 2924 1679 68 the form of supplies and services, 33 and endorses the ob¬

418 2973 1214 90 servations of the Advisory Committee, 56

477 3066 1626 93 6. Also takes note of the proposals of the Advisory

418 3141 1682 83 Committee on the need for greater co-ordination among

421 3209 1679 80 the various Secretariat units involved in preparing and

421 3283 1682 78 managing peace-keeping operations 57 and, in this respect,

421 3354 1679 78 welcomes the intention of the Secretary-General to estab¬

421 3426 1682 74 lish a planning and monitoring group on the basis des¬

418 3475 654 99 cribed in his report; 58

474 3568 1639 87 7. Further takes note of the proposals of the Secretary-

421 3639 1692 87 General to establish an account for programme support of

421 3720 1682 77 peace-making and peace-keeping operations, 89 and en¬

421 3791 1685 71 dorses the views of the Advisory Committee in that re¬

421 3841 223 105 spect; 60

477 3949 1636 68 8. Requests the Secretary-General to submit a report

424 4017 1689 72 to the General Assembly at its forty-fifth session on the

424 4085 1685 75 measures taken in accordance with the observations and

424 4154 1685 74 recommendations of the Advisory Committee contained

421 4222 1682 74 in its reports 61 and to provide further information cover¬

421 4293 437 84 ing, inter alia:

467 4370 763 90 (a) Economies of scale;

480 4606 548 77 51 A/AA/605, sect. IlI.

483 4646 386 93 s2 fbid, sect. V

486 4714 400 84 53 Ibid, sect. VI.

488 4758 399 84 54 Ibid, sect. IV.

492 4828 527 78 55 A/44/624, annex I.

486 4875 629 84 56 A/44/725, paras. 32-41.

492 4931 480 78 57 Ibid., paras. 8-10.

489 4984 567 83 58 A/C5/44/45, sect. I.

488 5032 413 93 59 Ibid., para, 10.

483 5102 589 74 60 See A/44/868, annex.

483 5154 688 81 61 A/44/125 and A/44/868.

2258 356 725 68 (b) Start-up problems;

2261 427 1627 87 (c) The establishment of a reserve stock of equipment

2209 511 539 71 and supply items;

2255 594 1630 75 (d) The use of civilian personnel in peace-keeping op¬

2202 672 279 71 erations;

2252 746 1639 81 (e) Problems related to overload posts and the

2205 827 1683 77 proposed establishment of a support account for peace-

2205 892 586 83 keeping operations;

2267 985 1624 71 9. Also requests the Secretary-General to keep under

2212 1053 1682 77 review the format of his reports on the financing of United

2212 1124 1676 74 Nations peace-keeping operations and the amount of in¬

2209 1195 1679 71 formation that should be included therein, in order to as¬

2209 1266 1682 75 sist Member States in the serutiny and evaluation of those

2209 1335 247 74 reports;

2267 1406 1624 87 10. Decides to include in the provisional agenda of its

2212 1486 1679 78 forty-fifth session the item entitled "Administrative and

2212 1564 1676 71 budgetary aspects of the financing of the United Nations

2205 1617 807 96 peace-keeping operations".

3194 1747 647 77 84th plenary meeting

3274 1809 564 83 21 December 1989

3027 2022 58 69 B

2274 2149 687 72 The General Assembly,

2264 2236 1633 74 Having considered the report of the Secretary-General

2215 2310 1679 69 on the composition of the existing groups of Member

2212 2375 1679 87 States for the apportionment of the costs of peace-keeping

2209 2434 1586 87 operations financed through assessed contributions, 62

2264 2537 1630 74 Recalling its resolution 3101 (XXVIII) of 11 December

2218 2602 1676 74 1973 and its subsequent resolutions relating to the compo¬

2212 2673 1679 74 sition of the existing groups, the latest of which is resolu¬

2215 2747 1682 65 tion 43/232 of 1 March 1989 on the financing of the

2215 2809 1363 78 United Nations Transition Assistance Group,

2261 2887 1639 96 Recalling also paragraph 3 of resolution 44/44 of

2224 2964 1670 78 7 December 1989 on the financing of the United Nations

2215 3045 1679 68 Observer Group in Central America, in which it,

2215 3110 1676 71 inter alia, refers to the decision to be taken, at its forty-

2203 3155 1683 97 fourth session, on the composition of groups "a", "b", c"

2212 3249 824 78 and "d" of Member States,

2271 3327 1626 83 Welcoming the proposal made by the Government of

2212 3395 1657 90 Spain to reclassify Spain from group "c" to group "b",

2261 3497 1633 71 Having considered the requests of Poland for reclassifi¬

2212 3559 1682 74 cation from group "b" to group "c" and of the Central

2215 3636 1679 75 African Republic, Equatorial Guinea, the Gambia, Myan¬

2212 3704 1682 72 mar, Sierra Leone and Togo for reclassification from

2212 3773 740 83 group "c" to group "d",

2261 3847 1636 87 Having identified grounds for anomalies on the basis of

2215 3934 1679 71 the information contained in the report of the Secretary-

2212 3989 1679 84 General, particularly concerning the least developed

2212 4070 300 77 countries,

2261 4141 1078 87 Decides, as an ad hoc arrangementa:

2255 4237 1639 84 (a) To accept the proposal made by the Government

2209 4315 1685 74 of Spain and to place Spain among the Member States re¬

2212 4389 1685 71 ferred to in paragraph 3 (b) of resolution 43/232 and, in

2212 4448 1685 80 accordance with that proposal, to apportion its share of

2212 4528 1679 72 the costs of peace-keeping operations financed through as¬

2209 4587 1679 78 sessed contributions on the basis of the proportion deter¬

2215 4665 1679 71 mined by the scale of assessments in the following manner:

2218 4727 1676 74 50 per cent in 1990, 80 per cent in 1991 and 100 per cent

2212 4801 901 81 in 1992 and subsequent years;

2258 4875 1633 93 (b) To place Poland among the Member States re¬

2212 4959 1465 81 ferred to in paragraph 3 (c) of resolution 43/232;

2282 5153 470 93 62 A/44/605/Add.
