4319 5582
1191 241 1616 72 VIIl. Resolutions adopted on the reports of the Fifth Committee

3623 238 115 72 271

316 362 1638 75 Taking note, in particular, of paragraphs 9 and 10 of the

260 440 1685 68 report of the Secretary-General and paragraphs 10, 12

260 508 1477 68 and 13 of the report of the Advisory Committee,

313 595 1641 81 Recognizing that the costs of the Group are expenses of

257 669 1688 72 the Organization to be borne by Member States in accor¬

260 725 1685 87 dance with Article 17, paragraph 2, of the Charter of the

260 790 490 90 United Nations,

316 890 1632 83 Taking into account the fact that the economically more

260 973 1682 72 developed countries are in a position to make relatively

257 1041 1682 75 larger contributions and that the economically less devel¬

257 1110 1682 77 oped countries have a relatively limited capacity to con¬

257 1178 1049 74 tribute towards such an operation,

310 1277 1635 75 Bearing in mind the special responsibilities of the States

263 1342 1682 81 permanent members of the Security Council, as indicated

260 1407 1682 75 in General Assembly resolution 1874 (S-IV) of 27 June

263 1476 1089 77 1963, in the financing of the Group,

310 1559 1635 84 Mindful of the fact that it is essential to provide the

257 1640 1685 71 Group with the necessary financial resources to enable it

257 1696 1682 90 to fulfil its responsibilities under the relevant resolutions

257 1773 726 75 of the Security Council.

313 1876 1632 68 Concerned that, as mentioned in paragraph 7 of the re¬

260 1944 1679 71 port of the Secretary-General, assessments totalling ap¬

257 1994 1685 96 proximately 94.6 million United States dollars remain un¬

260 2083 301 72 collected,

316 2176 1635 72 Noting with appreciation that voluntary contributions

263 2242 928 74 have been made to the Group,

313 2335 1635 77 1. Concurs with the observations, recommendations

257 2403 1682 74 and conclusions contained in the report of the Advisory

260 2477 1682 81 Committee on Administrative and Budgetary Ques¬

257 2524 227 99 tions; 46

310 2623 1638 84 2. Urges all Member States to pay their assessed con¬

257 2704 1694 74 tributions to the United Nations Transition Assistance

257 2763 822 86 Group in full and on time;

322 2865 1626 74 3. Approves the request of the Secretary-General that

260 2930 1685 84 he proceed with the disposition of the property of the

260 3008 1688 71 Group upon completion of its mandate in the manner set

257 3073 1685 71 out in annex Il, paragraph 4, to his report 45 and para¬

257 3147 1539 71 graph 10 of the report of the Advisory Committée;

313 3237 1635 71 4. Decides that the costs associated with the liquida¬

260 3305 1685 75 tion of the Group and the closing of the accounts, amount¬

257 3370 1688 78 ing to 6,469,000 dollars gross (5,625,000 dollars net), shall

257 3436 1688 77 be met from the appropriations made available by the

257 3516 1300 75 General Assembly in its resolution 43/232;

313 3594 1632 83 5. Also decides, taking into account the outstanding as¬

254 3671 1691 75 sessed contributions due to the Special Account of the

260 3743 1682 74 United Nations Transition Assistance Group, to defer any

257 3814 1685 71 action on the estimated unencumbered balance of the ap¬

254 3876 1685 81 propriations as may be called for until its forty-fifth ses¬

254 3947 161 75 sion;

310 4040 1635 75 6. Requests the Secretary-General to take all necessary

260 4115 1685 71 action to ensure that the Group is administered with the

257 4180 1691 74 maximum of efficiency and economy, bearing in mind the

257 4245 1685 74 relevant observations contained in the report of the Advi¬

254 4316 512 75 sory Committee;

313 4394 1635 87 7. Decides to include in the provisional agenda of its

257 4481 1691 68 forty-fifth session the item entitled "Financing of the

254 4543 1409 74 United Nations Transition Assistance Group";

304 4629 1644 81 8. Requests the Secretary-General to submit to the

254 4701 1688 84 General Assembly, at its forty-ffth session, a detailed per¬

254 4778 1688 72 formance report on the budget of the Group, in accor¬

254 4847 1688 74 dance with the observations made by the Advisory Com¬

257 4921 1688 81 mittee in its report, in particular those made in

257 4977 819 90 paragraphs 7 and 8 thereof¬

1247 5110 648 75 84th plenary meeting

1331 5181 564 75 21 December 1989

2038 362 1697 90 44/192. Administrative and budgetary aspects of the fi¬

2339 437 1393 80 nancing of the United Nations peace-keeping

2339 505 329 71 operations

2866 637 61 88 A

2103 759 695 87 The General Assembly,

2097 846 1632 96 Recalling its resolution 43/230 of 21 December 1988 on

2044 933 1685 77 the financing of the United Nations Iran-Iraq Military Ob¬

2047 989 1685 83 server Group and its decision 43/455 of 21 December

2050 1069 1679 78 1988 on the administrative and budgetary aspects of the fi¬

2044 1141 1685 77 nancing of the United Nations peace-keeping operations,

2100 1218 1632 87 Recalling also its resolution 44/49 of 8 December 1989

2047 1296 1685 80 on the comprehensive review of the whole question of

2044 1370 1344 78 peace-keeping operations in all their aspects,

2103 1460 1626 75 Recognizing the mutual relevance of the work of the Spe¬

2047 1519 1685 81 cial Committee on Peace-keeping Operations and the

2050 1600 1679 71 work done by the Fifth Committee in connection with

2050 1671 1344 71 matters relating to peace-keeping operations,

2100 1755 1632 74 Having considered with appreciation the reports of the

2047 1826 1682 71 Secretary-General on the administrative and budgetary

2050 1897 1679 66 aspects of the financing of the United Nations peace-

2044 1959 1688 75 keeping operations, 47 on the review of the background and

2050 2034 1682 71 development of reimbursement to Member States con¬

2044 2102 1688 71 tributing troops to peace-keeping operations 48 and on

2050 2176 1682 69 voluntary contributions of supplies and services, 49 and the

2044 2242 1685 74 related report of the Advisory Committee on Administra¬

2044 2291 953 99 tive and Budgetary Questions, 50

2103 2400 1629 74 Bearing in mind the views expressed by Member States

2044 2468 1291 74 on those reports at its forty-fourth session,

2097 2558 1632 74 Recognizing that each peace-keeping operation has spe¬

2044 2617 1685 84 cial characteristics, which thus calls for flexibility in ad¬

2044 2697 1688 75 dressing the administrative requirements of each opera¬

2047 2772 159 68 tion,

2100 2859 1635 68 Recognizing also that all necessary action should be

2047 2924 1682 74 taken to ensure that peace-keeping operations are admin¬

2044 2992 1561 74 istered with a maximum of efficiency and economy.

2106 3085 1626 71 Bearing in mind the significant increase in United Na¬

2054 3156 1681 75 tions peace-keeping activities and the resulting increased

2044 3222 1688 74 demands on the human, material and financial resources

2050 3296 1294 71 of the Organization and of Member States,

2112 3383 1620 74 Noting that, as a result of the recent expansion in peace¬

2047 3442 1688 77 keeping activities, an absorptive capacity in respect of

2047 3519 1685 72 trained and experienced United Nations staff members

2050 3591 1682 74 with the technical skills required in peace-keeping opera¬

2044 3653 835 80 tions is no longer available.

2103 3733 1626 87 Taking into account the observations of the Advisory

2050 3820 1679 74 Committee on the need for greater co-ordination among

2044 3882 1685 75 the various Secretariat units involved in preparing and

2041 3950 1086 81 managing peace-keeping operations,

2100 4046 1632 72 Mindful of the fact that it is essential to provide peace-

2047 4115 1685 74 keeping operations with the necessary financial resources,

2047 4186 1685 68 especially those essential for the start-up of such opera¬

2044 4248 1688 74 tions, to enable them to fulfil their mandates in accordance

2047 4322 1601 72 with the relevant resolutions of the Security Council,

2097 4397 1635 87 Aware of the extremely difficult fnancial situation of the

2044 4484 1688 71 existing peace-keeping operations and of the heavy burden

2047 4552 869 71 on troop-contributing States,

2103 4639 1629 74 Emphasizing the need to ensure a secure and sound fi¬

2044 4704 1269 84 nancial basis for peace-kecping operations,

2109 5005 323 84 47 A/44/605.

2112 5077 480 72 48 A/44/605/Add. 1

2103 5098 331 107 49 A/44/624.

2112 5163 321 83 50 A/44/725.
